--- COMMENTS may be placed outside the @ENTRYTYPE{ ... } stuctures
--- CMS guidelines
---- Every journal article citation should include the DOI, assuming one exists.
---- All URLs for CMS notes, ANs, etc, should refer to the CDS server, not the CMS server. Use our standard format for them, as shown below.
----  CMS Notes not available on CDS are regarded as private and may not be cited.
----  CMS physics papers (i.e., those intended for publication in journals) may reference only POG PASs, not PAG PASs.
---- For papers by collaborations, list the collaboration in the COLLABOROATION field and put the first author and "and others" in the AUTHOR field.
----  If only the collaboration is listed as the author, put "{XXX Collaboration}" under AUTHOR.
----  Note that we automatically replace the AUTHOR field with the collaboration name for ATLAS, CMS, LHCb, and ATLAS at submission time. Please don't remove the
----  "First Author and others" in the AUTHOR field.
---- Other items:
----   PAGES: Please only list the first page, not the range.
----   ISSUE: Please do not include in most cases.
----   URL: Do not include this field if a DOI is available.
---- Number of authors to list:
----   PRL requests that we include all authors up to fifteen except for large collaborations, and we take this as our internal guide as well. If there
----   are more than fifteen, just list the first author + "and others", as above.
----   The individual journal bib style file (theirs, ours, PLB, etc.) will truncate at the appropriate point. We have ours set to _1_ for more than four.
---- Use only the URL field instead of embedding an href.
---- A reference only published on the arXiv should be listed as UNPUBLISHED (with a note "Submitted to XXX" for large collaboration papers).
----   Experimental papers only on the arXiv and not submitted for publication may not be cited.
---- Some journals will lowercase the title: use {} to protect words which must be capitalized, e.g., {LHC}, {TeV}, {CERN}, {CMS}.
----  Do not escape the entire title as it will then clash with the journal style.
---- Journal names: the journals generally include the series in the journal name, "Physical Review D", vol 5, rather than PR D5
---- >>> Please use the --preview option with the tdr script to perform a simple-minded reference check before uploading.
%
%
%    Many commonly cited papers are available under svn+ssh://svn.cern.ch/reps/tdr/utils/branches/dev/general/gen.bib and utils/trunk/higgs.bin.

% ___________________________________________________________
% Globally useful

% Kappa framework ref
@article{LHCHiggsCrossSectionWorkingGroup:2012nn,
    author         = "David, A. and Denner, A. and Duehrssen, M. and Grazzini,
                    M. and Grojean, C. and Passarino, G. and Schumacher, M.
                    and Spira, M. and Weiglein, G. and Zanetti, M.",
    title          = "{LHC HXSWG interim recommendations to explore the
                    coupling structure of a Higgs-like particle}",
    collaboration  = "LHC Higgs Cross Section Working Group",
    year           = "2012",
    eprint         = "1209.0040",
    archivePrefix  = "arXiv",
    primaryClass   = "hep-ph",
    reportNumber   = "CERN-PH-TH-2012-284, LHCHXSWG-2012-001",
    SLACcitation   = "%%CITATION = ARXIV:1209.0040;%%"
    }

% Yellow Report 4 YR4
@article{deFlorian:2016spz,
    author         = "de Florian, D. and others",
    title          = "{Handbook of LHC Higgs Cross Sections: 4. Deciphering the Nature of the Higgs Sector}",
    collaboration  = "LHC Higgs Cross Section Working Group",
    doi            = "10.23731/CYRM-2017-002",
    year           = "2016",
    eprint         = "1610.07922",
    archivePrefix  = "arXiv",
    primaryClass   = "hep-ph",
    reportNumber   = "FERMILAB-FN-1025-T, CERN-2017-002-M",
    SLACcitation   = "%%CITATION = ARXIV:1610.07922;%%"
    }

% ___________________________________________________________
% Detector description

@Article{Chatrchyan:2008zzk,
     author    = "Chatrchyan, S. and others",
     collaboration = "CMS",
     title     = "The {CMS} experiment at the {CERN} {LHC}",
     journal   = "JINST",
     volume    = "3",
     year      = "2008",
     pages     = "S08004",
     doi       = "10.1088/1748-0221/3/08/S08004",
     SLACcitation  = "%%CITATION = JINST,3,S08004;%%"
}
@article{CMS:EGM-14-001,
    author         = "Khachatryan, Vardan and others",
    title          = "{Performance of photon reconstruction and identification with the CMS detector in proton-proton collisions at $\sqrt{s} = 8$\TeV}",
    collaboration  = "CMS",
    journal        = "JINST",
    volume         = "10",
    pages          = "P08010",
    doi            = "10.1088/1748-0221/10/08/P08010",
    year           = "2015",
    eprint         = "1502.02702",
    archivePrefix  = "arXiv",
    primaryClass   = "physics.ins-det",
    reportNumber   = "CMS-EGM-14-001, CERN-PH-EP-2015-006",
    SLACcitation   = "%%CITATION = ARXIV:1502.02702;%%",
    }

% ___________________________________________________________
% Related experimental result papers

% Higgs discovery paper 1
@article{Chatrchyan:2012xdj,
    author         = "Chatrchyan, Serguei and others",
    title          = "{Observation of a new boson at a mass of 125 GeV with the
                      CMS experiment at the LHC}",
    collaboration  = "CMS",
    journal        = "Phys. Lett.",
    volume         = "B716",
    year           = "2012",
    pages          = "30-61",
    doi            = "10.1016/j.physletb.2012.08.021",
    eprint         = "1207.7235",
    archivePrefix  = "arXiv",
    primaryClass   = "hep-ex",
    reportNumber   = "CMS-HIG-12-028, CERN-PH-EP-2012-220",
    SLACcitation   = "%%CITATION = ARXIV:1207.7235;%%"
    }

% Higgs discovery paper 2
@article{Aad:2012tfa,
    author         = "Aad, Georges and others",
    title          = "{Observation of a new particle in the search for the
                      Standard Model Higgs boson with the ATLAS detector at the LHC}",
    collaboration  = "ATLAS",
    journal        = "Phys. Lett.",
    volume         = "B716",
    year           = "2012",
    pages          = "1-29",
    doi            = "10.1016/j.physletb.2012.08.020",
    eprint         = "1207.7214",
    archivePrefix  = "arXiv",
    primaryClass   = "hep-ex",
    reportNumber   = "CERN-PH-EP-2012-218",
    SLACcitation   = "%%CITATION = ARXIV:1207.7214;%%"
    }

% ATLAS+CMS Run1 coupling combination
@article{Khachatryan:2016vau,
      author         = "Aad, Georges and others",
      title          = "{Measurements of the Higgs boson production and decay
                        rates and constraints on its couplings from a combined
                        ATLAS and CMS analysis of the LHC pp collision data at $
                        \sqrt{s}=7 $ and 8 TeV}",
      collaboration  = "ATLAS, CMS",
      journal        = "JHEP",
      volume         = "08",
      year           = "2016",
      pages          = "045",
      doi            = "10.1007/JHEP08(2016)045",
      eprint         = "1606.02266",
      archivePrefix  = "arXiv",
      primaryClass   = "hep-ex",
      reportNumber   = "CERN-EP-2016-100, ATLAS-HIGG-2015-07, CMS-HIG-15-002",
      SLACcitation   = "%%CITATION = ARXIV:1606.02266;%%"
}
% Only-CMS combination paper 7/8 TeV
@article{Khachatryan:2014jba,
      author         = "Khachatryan, Vardan and others",
      title          = "{Precise determination of the mass of the Higgs boson and
                        tests of compatibility of its couplings with the standard
                        model predictions using proton collisions at 7 and 8
                        $\,\text {TeV}$}",
      collaboration  = "CMS",
      journal        = "Eur. Phys. J.",
      volume         = "C75",
      year           = "2015",
      number         = "5",
      pages          = "212",
      doi            = "10.1140/epjc/s10052-015-3351-7",
      eprint         = "1412.8662",
      archivePrefix  = "arXiv",
      primaryClass   = "hep-ex",
      reportNumber   = "CMS-HIG-14-009, CERN-PH-EP-2014-288",
      SLACcitation   = "%%CITATION = ARXIV:1412.8662;%%"
}
% Only-ATLAS combination paper 7/8 TeV
@article{Aad:2015gba,
      author         = "Aad, Georges and others",
      title          = "{Measurements of the Higgs boson production and decay
                        rates and coupling strengths using pp collision data at
                        $\sqrt{s}=7$ and 8 TeV in the ATLAS experiment}",
      collaboration  = "ATLAS",
      journal        = "Eur. Phys. J.",
      volume         = "C76",
      year           = "2016",
      number         = "1",
      pages          = "6",
      doi            = "10.1140/epjc/s10052-015-3769-y",
      eprint         = "1507.04548",
      archivePrefix  = "arXiv",
      primaryClass   = "hep-ex",
      reportNumber   = "CERN-PH-EP-2015-125",
      SLACcitation   = "%%CITATION = ARXIV:1507.04548;%%"
}

% Coupling combination papers 13 TeV
article{CMS:2018lkl,
      author         = "CMS Collaboration",
      title          = "{Combined measurements of the Higgs boson's couplings at
                        $\sqrt{s}=13$ TeV}",
      collaboration  = "CMS",
      year           = "2018",
      reportNumber   = "CMS-PAS-HIG-17-031",
      SLACcitation   = "%%CITATION = CMS-PAS-HIG-17-031;%%"
}
techreport{CMS-PAS-HIG-17-031,
@techreport{CMS:2018lkl,
      title         = "{Combined measurements of the Higgs boson's couplings at
                       $\sqrt{s}=13$ TeV}",
      collaboration = "CMS",
      number        = "CMS-PAS-HIG-17-031",
      year          = "2018",
      reportNumber  = "CMS-PAS-HIG-17-031",
      url           = "http://cds.cern.ch/record/2308127",
      type          = "CMS Physics Analysis Summary",
}

article{ATLAS:2017ovn,
      author         = "The ATLAS collaboration",
      title          = "{Combined measurements of Higgs boson production and
                        decay in the $H\rightarrow ZZ^*\rightarrow4\ell$ and
                        $H\rightarrow\gamma\gamma$ channels using $\sqrt{s}=$ 13
                        TeV pp collision data collected with the ATLAS
                        experiment}",
      collaboration  = "ATLAS",
      year           = "2017",
      reportNumber   = "ATLAS-CONF-2017-047",
      SLACcitation   = "%%CITATION = ATLAS-CONF-2017-047;%%"
}
techreport{ATLAS-CONF-2017-047,
@techreport{ATLAS:2017ovn,
      title         = "{Combined measurements of Higgs boson production and
                        decay in the $H\rightarrow ZZ^*\rightarrow4\ell$ and
                        $H\rightarrow\gamma\gamma$ channels using $\sqrt{s}=$ 13
                        TeV pp collision data collected with the ATLAS
                        experiment}",
      collaboration = "ATLAS",
      number        = "ATLAS-CONF-2017-047",
      year          = "2017",
      reportNumber  = "ATLAS-CONF-2017-047",
      url           = "https://cds.cern.ch/record/2273854",
      type          = "ATLAS Conference Note"
}

% ATLAS pt combination 8 TeV
@article{Aad:2015lha,
      author         = "Aad, Georges and others",
      title          = "{Measurements of the Total and Differential Higgs Boson
                        Production Cross Sections Combining the $H\rightarrow\gamma\gamma$ and
                        $H\rightarrow ZZ \rightarrow 4\ell$
                        Decay Channels at $\sqrt{s}$=8 TeV
                        with the ATLAS Detector}",
      collaboration  = "ATLAS",
      journal        = "Phys. Rev. Lett.",
      volume         = "115",
      year           = "2015",
      number         = "9",
      pages          = "091801",
      doi            = "10.1103/PhysRevLett.115.091801",
      eprint         = "1504.05833",
      archivePrefix  = "arXiv",
      primaryClass   = "hep-ex",
      reportNumber   = "CERN-PH-EP-2015-048",
      SLACcitation   = "%%CITATION = ARXIV:1504.05833;%%"
}

% ___________________________________________________________
% Hgg, HZZ and Hbb Analysis Notes
% Should replace with PASs/Papers as soon as available.

techreport{CMS-PAS-HIG-17-015,
@techreport{CMS_AN_2017-299,
      title         = "{Measurement of differential fiducial cross sections for
                       Higgs boson production in the diphoton decay channel in pp
                       collisions at $\sqrt{s}=13~\mathrm{TeV}$}",
      collaboration = "CMS",
      number        = "CMS-PAS-HIG-17-015",
      year          = "2017",
      reportNumber  = "CMS-PAS-HIG-17-015",
      url           = "https://cds.cern.ch/record/2257530",
      TYPE          = "CMS Physics Analysis Summary",
}

% HZZ replaced with actual paper
TECHREPORT{CMS_AN_2016-442,
     AUTHOR       = "Ahmad, M and Amapane, N and others",
     TITLE        = "Measurements of properties of the Higgs boson in the four-lepton final state at $\sqrt{s}$ = 13 TeV",
     TYPE         = "CMS Note",
     NUMBER       = "2016/442",
     YEAR         = "2016"}

% Replace with better ref below
TECHREPORT{CMS_AN_2016-366,
     AUTHOR       = "Aarrestad, T and Apte, R and other",
     TITLE        = "Inclusive search for boosted Higgs bosons produced in pp collisions at $\sqrt{s}=13\,$TeV using $H\rightarrow b\overline{b}$ decays",
     TYPE         = "CMS Note",
     NUMBER       = "2016/336",
     YEAR         = "2017"}

@article{CMS_AN_2016-366,
      author         = "Sirunyan, Albert M and others",
      title          = "{Inclusive search for a highly boosted Higgs boson
                        decaying to a bottom quark-antiquark pair}",
      collaboration  = "CMS",
      journal        = "Phys. Rev. Lett.",
      volume         = "120",
      year           = "2018",
      number         = "7",
      pages          = "071802",
      doi            = "10.1103/PhysRevLett.120.071802",
      eprint         = "1709.05543",
      archivePrefix  = "arXiv",
      primaryClass   = "hep-ex",
      reportNumber   = "CMS-HIG-17-010, CERN-EP-2017-207",
      SLACcitation   = "%%CITATION = ARXIV:1709.05543;%%"
    }

% ___________________________________________________________
% Public differential cross section results

% ATLAS Hgg 8 TeV
@article{Aad:2014lwa,
      author         = "Aad, Georges and others",
      title          = "{Measurements of fiducial and differential cross sections
                        for Higgs boson production in the diphoton decay channel
                        at $\sqrt{s}=8$ TeV with ATLAS}",
      collaboration  = "ATLAS",
      journal        = "JHEP",
      volume         = "09",
      year           = "2014",
      pages          = "112",
      doi            = "10.1007/JHEP09(2014)112",
      eprint         = "1407.4222",
      archivePrefix  = "arXiv",
      primaryClass   = "hep-ex",
      reportNumber   = "CERN-PH-EP-2014-148",
      SLACcitation   = "%%CITATION = ARXIV:1407.4222;%%"
}

% CMS Hgg 8 TeV
@article{Khachatryan:2015rxa,
      author         = "Khachatryan, Vardan and others",
      title          = "{Measurement of differential cross sections for Higgs
                        boson production in the diphoton decay channel in pp
                        collisions at $\sqrt{s}=8\,\text {TeV} $}",
      collaboration  = "CMS",
      journal        = "Eur. Phys. J.",
      volume         = "C76",
      year           = "2016",
      number         = "1",
      pages          = "13",
      doi            = "10.1140/epjc/s10052-015-3853-3",
      eprint         = "1508.07819",
      archivePrefix  = "arXiv",
      primaryClass   = "hep-ex",
      reportNumber   = "CMS-HIG-14-016, CERN-PH-EP-2015-195",
      SLACcitation   = "%%CITATION = ARXIV:1508.07819;%%"
}

% ATLAS HZZ 8 TeV
@article{Aad:2014tca,
      author         = "Aad, Georges and others",
      title          = "{Fiducial and differential cross sections of Higgs boson
                        production measured in the four-lepton decay channel in
                        $pp$ collisions at $\sqrt{s}$=8 TeV with the ATLAS
                        detector}",
      collaboration  = "ATLAS",
      journal        = "Phys. Lett.",
      volume         = "B738",
      year           = "2014",
      pages          = "234-253",
      doi            = "10.1016/j.physletb.2014.09.054",
      eprint         = "1408.3226",
      archivePrefix  = "arXiv",
      primaryClass   = "hep-ex",
      reportNumber   = "CERN-PH-EP-2014-186",
      SLACcitation   = "%%CITATION = ARXIV:1408.3226;%%"
}

% CMS HZZ 7&8 TeV
@article{Khachatryan:2015yvw,
      author         = "Khachatryan, Vardan and others",
      title          = "{Measurement of differential and integrated fiducial
                        cross sections for Higgs boson production in the
                        four-lepton decay channel in pp collisions at $ \sqrt{s}=7
                        $ and 8 TeV}",
      collaboration  = "CMS",
      journal        = "JHEP",
      volume         = "04",
      year           = "2016",
      pages          = "005",
      doi            = "10.1007/JHEP04(2016)005",
      eprint         = "1512.08377",
      archivePrefix  = "arXiv",
      primaryClass   = "hep-ex",
      reportNumber   = "CMS-HIG-14-028, CERN-PH-EP-2015-285",
      SLACcitation   = "%%CITATION = ARXIV:1512.08377;%%"
}

% ATLAS HWW 8 TeV
@article{Aad:2016lvc,
      author         = "Aad, Georges and others",
      title          = "{Measurement of fiducial differential cross sections of
                        gluon-fusion production of Higgs bosons decaying to
                        $WW^{*} \rightarrow e\nu\mu\nu$
                        with the ATLAS detector at $\sqrt{s}=8 $ TeV}",
      collaboration  = "ATLAS",
      journal        = "JHEP",
      volume         = "08",
      year           = "2016",
      pages          = "104",
      doi            = "10.1007/JHEP08(2016)104",
      eprint         = "1604.02997",
      archivePrefix  = "arXiv",
      primaryClass   = "hep-ex",
      reportNumber   = "CERN-EP-2016-019",
      SLACcitation   = "%%CITATION = ARXIV:1604.02997;%%"
}

% CMS HWW 8 TeV
@article{Khachatryan:2016vnn,
      author         = "Khachatryan, Vardan and others",
      title          = "{Measurement of the transverse momentum spectrum of the
                        Higgs boson produced in pp collisions at $ \sqrt{s}=8 $
                        TeV using $H \to WW$ decays}",
      collaboration  = "CMS",
      journal        = "JHEP",
      volume         = "03",
      year           = "2017",
      pages          = "032",
      doi            = "10.1007/JHEP03(2017)032",
      eprint         = "1606.01522",
      archivePrefix  = "arXiv",
      primaryClass   = "hep-ex",
      reportNumber   = "CMS-HIG-15-010, CERN-EP-2016-125",
      SLACcitation   = "%%CITATION = ARXIV:1606.01522;%%"
}

% ATLAS HZZ 13 TeV
@article{Aaboud:2017oem,
      author         = "Aaboud, Morad and others",
      title          = "{Measurement of inclusive and differential cross sections
                        in the $H \rightarrow ZZ^* \rightarrow 4\ell$ decay
                        channel in $pp$ collisions at $\sqrt{s}=13$ TeV with the
                        ATLAS detector}",
      collaboration  = "ATLAS",
      journal        = "JHEP",
      volume         = "10",
      year           = "2017",
      pages          = "132",
      doi            = "10.1007/JHEP10(2017)132",
      eprint         = "1708.02810",
      archivePrefix  = "arXiv",
      primaryClass   = "hep-ex",
      reportNumber   = "CERN-EP-2017-139",
      SLACcitation   = "%%CITATION = ARXIV:1708.02810;%%"
}

% CMS HZZ 13 TeV
% article{Sirunyan:2017exp, % Only the tag replaced
@article{CMS_AN_2016-442,
      author         = "Sirunyan, Albert M and others",
      title          = "{Measurements of properties of the Higgs boson decaying
                        into the four-lepton final state in pp collisions at $
                        \sqrt{s}=13 $ TeV}",
      collaboration  = "CMS",
      journal        = "JHEP",
      volume         = "11",
      year           = "2017",
      pages          = "047",
      doi            = "10.1007/JHEP11(2017)047",
      eprint         = "1706.09936",
      archivePrefix  = "arXiv",
      primaryClass   = "hep-ex",
      reportNumber   = "CMS-HIG-16-041, CERN-EP-2017-123",
      SLACcitation   = "%%CITATION = ARXIV:1706.09936;%%"
}

% ATLAS 13 TeV combination
article{ATLAS:2018uoi,
      author         = "The ATLAS collaboration",
      title          = "{Combined measurement of differential and inclusive total
                        cross sections in the $H \rightarrow \gamma \gamma$ and
                        the $H \rightarrow ZZ^* \rightarrow 4\ell$ decay channels
                        at $\sqrt{s} = 13$ TeV with the ATLAS detector}",
      collaboration  = "ATLAS",
      year           = "2018",
      reportNumber   = "ATLAS-CONF-2018-002",
      SLACcitation   = "%%CITATION = ATLAS-CONF-2018-002;%%"
}
article{Aaboud:2018ezd,
@article{ATLAS:2018uoi,
      author         = "Aaboud, Morad and others",
      title          = "{Combined measurement of differential and total cross
                        sections in the $H \rightarrow \gamma \gamma$ and the $H
                        \rightarrow ZZ^* \rightarrow 4\ell$ decay channels at
                        $\sqrt{s} = 13$ TeV with the ATLAS detector}",
      collaboration  = "ATLAS",
      year           = "2018",
      eprint         = "1805.10197",
      archivePrefix  = "arXiv",
      primaryClass   = "hep-ex",
      reportNumber   = "CERN-EP-2018-080, CERN-EP-2018-080",
      SLACcitation   = "%%CITATION = ARXIV:1805.10197;%%",
      note           = "Submitted to \textit{Phys. Lett. B}",
}


% ATLAS Hgg 13 TeV
@article{Aaboud:2018xdt,
      author         = "Aaboud, Morad and others",
      title          = "{Measurements of Higgs boson properties in the diphoton
                        decay channel with 36 fb$^{-1}$ of $pp$ collision data at
                        $\sqrt{s} = 13$ TeV with the ATLAS detector}",
      collaboration  = "ATLAS",
      year           = "2018",
      eprint         = "1802.04146",
      archivePrefix  = "arXiv",
      primaryClass   = "hep-ex",
      reportNumber   = "CERN-EP-2017-288",
      SLACcitation   = "%%CITATION = ARXIV:1802.04146;%%",
      note           = "Submitted to \textit{Phys. Rev. D}",
}

% ___________________________________________________________
% Theorist papers

@article{Bishara:2016jga,
    author         = "Bishara, Fady and Haisch, Ulrich and Monni, Pier Francesco and Re, Emanuele",
    title          = "{Constraining Light-Quark Yukawa Couplings from Higgs Distributions}",
    journal        = "Phys. Rev. Lett.",
    volume         = "118",
    year           = "2017",
    number         = "12",
    pages          = "121801",
    doi            = "10.1103/PhysRevLett.118.121801",
    eprint         = "1606.09253",
    archivePrefix  = "arXiv",
    primaryClass   = "hep-ph",
    SLACcitation   = "%%CITATION = ARXIV:1606.09253;%%"
    }

@inproceedings{Grazzini:2017szg,
    author         = "Grazzini, Massimiliano and Ilnicka, Agnieszka and Spira, Michael and Wiesemann, Marius",
    title          = "{Effective Field Theory for Higgs properties parametrisation: the transverse momentum spectrum case}",
    booktitle      = "{52nd Rencontres de Moriond on QCD and High Energy
    Interactions (Moriond QCD 2017) La Thuile, Italy, March
    25-April 1, 2017}",
    url            = "https://inspirehep.net/record/1599583/files/arXiv:1705.05143.pdf",
    year           = "2017",
    eprint         = "1705.05143",
    archivePrefix  = "arXiv",
    primaryClass   = "hep-ph",
    SLACcitation   = "%%CITATION = ARXIV:1705.05143;%%"
    }

% Earlier version of kt vs. cg
@article{Langenegger:2015lra,
    author         = "Langenegger, Urs and Spira, Michael and Strebel, Ivo",
    title          = "{Testing the Higgs Boson Coupling to Gluons}",
    year           = "2015",
    eprint         = "1507.01373",
    archivePrefix  = "arXiv",
    primaryClass   = "hep-ph",
    reportNumber   = "PSI-PR-15-07",
    SLACcitation   = "%%CITATION = ARXIV:1507.01373;%%"
    }

% Taken from Piers paper - concerning HPT and light quarks
@article{Banfi:2013eda,
      author         = "Banfi, Andrea and Monni, Pier Francesco and Zanderighi,
                        Giulia",
      title          = "{Quark masses in Higgs production with a jet veto}",
      journal        = "JHEP",
      volume         = "01",
      year           = "2014",
      pages          = "097",
      doi            = "10.1007/JHEP01(2014)097",
      eprint         = "1308.4634",
      archivePrefix  = "arXiv",
      primaryClass   = "hep-ph",
      SLACcitation   = "%%CITATION = ARXIV:1308.4634;%%"
}
@article{Bozzi:2003jy,
      author         = "Bozzi, G. and Catani, S. and de Florian, D. and Grazzini,
                        M.",
      title          = "{The q(T) spectrum of the Higgs boson at the LHC in QCD
                        perturbation theory}",
      journal        = "Phys. Lett.",
      volume         = "B564",
      year           = "2003",
      pages          = "65-72",
      doi            = "10.1016/S0370-2693(03)00656-7",
      eprint         = "hep-ph/0302104",
      archivePrefix  = "arXiv",
      primaryClass   = "hep-ph",
      reportNumber   = "CERN-TH-2003-026",
      SLACcitation   = "%%CITATION = HEP-PH/0302104;%%"
}@article{Becher:2010tm,
      author         = "Becher, Thomas and Neubert, Matthias",
      title          = "{{Drell-Yan} Production at Small $q_T$, Transverse Parton
                        Distributions and the Collinear Anomaly}",
      journal        = "Eur. Phys. J.",
      volume         = "C71",
      year           = "2011",
      pages          = "1665",
      doi            = "10.1140/epjc/s10052-011-1665-7",
      eprint         = "1007.4005",
      archivePrefix  = "arXiv",
      primaryClass   = "hep-ph",
      reportNumber   = "HD-THEP-10-13, MZ-TH-10-26",
      SLACcitation   = "%%CITATION = ARXIV:1007.4005;%%"
}
@article{Monni:2016ktx,
      author         = "Monni, Pier Francesco and Re, Emanuele and Torrielli,
                        Paolo",
      title          = "{Higgs Transverse-Momentum Resummation in Direct Space}",
      journal        = "Phys. Rev. Lett.",
      volume         = "116",
      year           = "2016",
      number         = "24",
      pages          = "242001",
      doi            = "10.1103/PhysRevLett.116.242001",
      eprint         = "1604.02191",
      archivePrefix  = "arXiv",
      primaryClass   = "hep-ph",
      reportNumber   = "LAPTH-017-16, OUTP-16-07P",
      SLACcitation   = "%%CITATION = ARXIV:1604.02191;%%"
}

% Higgs mechanism papers
@article{Higgs:1964pj,
      author         = "Higgs, Peter W.",
      title          = "{Broken Symmetries and the Masses of Gauge Bosons}",
      journal        = "Phys. Rev. Lett.",
      volume         = "13",
      year           = "1964",
      pages          = "508-509",
      doi            = "10.1103/PhysRevLett.13.508",
      IGNOREnote           = "[,160(1964)]",
      SLACcitation   = "%%CITATION = PRLTA,13,508;%%"
}
@article{Englert:1964et,
      author         = "Englert, F. and Brout, R.",
      title          = "{Broken Symmetry and the Mass of Gauge Vector Mesons}",
      journal        = "Phys. Rev. Lett.",
      volume         = "13",
      year           = "1964",
      pages          = "321-323",
      doi            = "10.1103/PhysRevLett.13.321",
      IGNOREnote           = "[,157(1964)]",
      SLACcitation   = "%%CITATION = PRLTA,13,321;%%"
}
@article{Guralnik:1964eu,
      author         = "Guralnik, G. S. and Hagen, C. R. and Kibble, T. W. B.",
      title          = "{Global Conservation Laws and Massless Particles}",
      journal        = "Phys. Rev. Lett.",
      volume         = "13",
      year           = "1964",
      pages          = "585-587",
      doi            = "10.1103/PhysRevLett.13.585",
      IGNOREnote           = "[,162(1964)]",
      SLACcitation   = "%%CITATION = PRLTA,13,585;%%"
}

% Susy papers
@article{Dimopoulos:1981zb,
      author         = "Dimopoulos, Savas and Georgi, Howard",
      title          = "{Softly Broken Supersymmetry and SU(5)}",
      journal        = "Nucl. Phys.",
      volume         = "B193",
      year           = "1981",
      pages          = "150-162",
      doi            = "10.1016/0550-3213(81)90522-8",
      reportNumber   = "HUTP-81/A022",
      SLACcitation   = "%%CITATION = NUPHA,B193,150;%%"
    }
@article{Witten:1981nf,
      author         = "Witten, Edward",
      title          = "{Dynamical Breaking of Supersymmetry}",
      journal        = "Nucl. Phys.",
      volume         = "B188",
      year           = "1981",
      pages          = "513",
      doi            = "10.1016/0550-3213(81)90006-7",
      reportNumber   = "Print-81-0317 (PRINCETON)",
      SLACcitation   = "%%CITATION = NUPHA,B188,513;%%"
}

% ___________________________________________________________
% Statistical/mathematical methods

% LShape
article{Hansen:LShape,
    author         = "Hansen, Per Christian",
    title          = "{The L-curve and its use in the numerical treatment of inverse problems}",
    year           = "1999",
    pages          = "119-142",
    publisher      = {IMM, Department of Mathematical Modelling, Technical Universityof Denmark},
    url            = "https://www.sintef.no/globalassets/project/evitameeting/2005/lcurve.pdf"
    }
@incollection{Hansen:LShape,
    author         = "Hansen, Per Christian",
    title          = "{The L-curve and its use in the numerical treatment of inverse problems}",
    year           = "2001",
    pages          = "119-142",
    url            = "https://www.sintef.no/globalassets/project/evitameeting/2005/lcurve.pdf",
    booktitle      = "Computational Inverse Problems in Electrocardiology",
    publisher      = "Southampton: WIT Press",
    }
Found alternatives:
P.C. Hansen, The L-curve and its use in the numerical treatment of inverse problems, in: P. Johnston (Ed.), Advances in Biomedicine, Vol. 3, WIT Press, in press.
P.C. Hansen, The L−curve and its use in the numerical treatment of inverse problems. In: P. Johnston (ed.),
Computational Inverse Problems in Electrocardiology. Southampton: WIT Press (2001) pp. 119–142.

% For the scale uncertainty correlation procedure
@misc{Grazzini:PrivateComm,
  author = "Grazzini, M.",
  date = "2017-07-12",
  howpublished = "Private communication."
}

@article{Cowan:2010js,
    author         = "Cowan, Glen and Cranmer, Kyle and Gross, Eilam and Vitells, Ofer",
    title          = "{Asymptotic formulae for likelihood-based tests of new physics}",
    journal        = "Eur. Phys. J.",
    volume         = "C71",
    year           = "2011",
    pages          = "1554",
    doi            = "10.1140/epjc/s10052-011-1554-0,
                    10.1140/epjc/s10052-013-2501-z",
    note           = "[Erratum: Eur. Phys. J.C73,2501(2013)]",
    eprint         = "1007.1727",
    archivePrefix  = "arXiv",
    primaryClass   = "physics.data-an",
    SLACcitation   = "%%CITATION = ARXIV:1007.1727;%%"
    }

@article{Stewart:2011cf,
    author         = "Stewart, Iain W. and Tackmann, Frank J.",
    title          = "{Theory Uncertainties for Higgs and Other Searches Using
                    Jet Bins}",
    journal        = "Phys. Rev.",
    volume         = "D85",
    year           = "2012",
    pages          = "034011",
    doi            = "10.1103/PhysRevD.85.034011",
    eprint         = "1107.2117",
    archivePrefix  = "arXiv",
    primaryClass   = "hep-ph",
    SLACcitation   = "%%CITATION = ARXIV:1107.2117;%%"
    }


% ___________________________________________________________
Experimental techniques

% Soft drop mass 1
@article{Dasgupta:2013ihk,
      author         = "Dasgupta, Mrinal and Fregoso, Alessandro and Marzani,
                        Simone and Salam, Gavin P.",
      title          = "{Towards an understanding of jet substructure}",
      journal        = "JHEP",
      volume         = "09",
      year           = "2013",
      pages          = "029",
      doi            = "10.1007/JHEP09(2013)029",
      eprint         = "1307.0007",
      archivePrefix  = "arXiv",
      primaryClass   = "hep-ph",
      reportNumber   = "CERN-PH-TH-2013-145, DCPT-13-86, IPPP-13-43, LPN13-036,
                        MAN-HEP-2013-12",
      SLACcitation   = "%%CITATION = ARXIV:1307.0007;%%"
}

% Soft drop mass 2
@article{Larkoski:2014wba,
      author         = "Larkoski, Andrew J. and Marzani, Simone and Soyez,
                        Gregory and Thaler, Jesse",
      title          = "{Soft Drop}",
      journal        = "JHEP",
      volume         = "05",
      year           = "2014",
      pages          = "146",
      doi            = "10.1007/JHEP05(2014)146",
      eprint         = "1402.2657",
      archivePrefix  = "arXiv",
      primaryClass   = "hep-ph",
      reportNumber   = "MIT-CTP-4531, DCPT-14-24, IPPP-14-12",
      SLACcitation   = "%%CITATION = ARXIV:1402.2657;%%"
}

% Double b-tagger algorithm
@article{CMS:2016jdj,
      author         = "CMS Collaboration",
      title          = "{Identification of double-b quark jets in boosted event
                        topologies}",
      collaboration  = "CMS",
      year           = "2016",
      reportNumber   = "CMS-PAS-BTV-15-002",
      SLACcitation   = "%%CITATION = CMS-PAS-BTV-15-002;%%"
}


% ___________________________________________________________
% kappa_c determinations

% ATLAS ZH > cc
@article{Aaboud:2018fhh,
      author         = "Aaboud, M. and others",
      title          = "{Search for the Decay of the Higgs Boson to Charm Quarks
                        with the ATLAS Experiment}",
      collaboration  = "ATLAS",
      journal        = "Phys. Rev. Lett.",
      volume         = "120",
      year           = "2018",
      number         = "21",
      pages          = "211802",
      doi            = "10.1103/PhysRevLett.120.211802",
      eprint         = "1802.04329",
      archivePrefix  = "arXiv",
      primaryClass   = "hep-ex",
      reportNumber   = "CERN-EP-2017-334",
      SLACcitation   = "%%CITATION = ARXIV:1802.04329;%%"
}

% LHCB VH > cc
article{LHCb:2016yxg,
    author         = "The LHCb Collaboration",
    title          = "{Search for $H^0 \rightarrow b \bar{b}$ or $c \bar{c}$ in
                    association with a $W$ or $Z$ boson in the forward region
                    of $pp$ collisions}",
    collaboration  = "LHCb",
    year           = "2016",
    reportNumber   = "LHCb-CONF-2016-006, CERN-LHCb-CONF-2016-006",
    SLACcitation   = "%%CITATION = LHCB-CONF-2016-006;%%"
    }
article{LHCb-CONF-2016-006,
@techreport{LHCb:2016yxg,
      title         = "{Search for $H^0 \rightarrow b \bar{b}$ or $c \bar{c}$ in
                       association with a $W$ or $Z$ boson in the forward region
                       of $pp$ collisions}",
      collaboration = "LHCb",
      year          = "2016",
      number        = "LHCb-CONF-2016-006",
      reportNumber  = "LHCb-CONF-2016-006",
      url           = "https://cds.cern.ch/record/2209531",
      type          = "{LHCb Conference Note}",
}

% H single c production
@article{Brivio:2015fxa,
      author         = "Brivio, Ilaria and Goertz, Florian and Isidori, Gino",
      title          = "{Probing the Charm Quark Yukawa Coupling in Higgs+Charm
                        Production}",
      journal        = "Phys. Rev. Lett.",
      volume         = "115",
      year           = "2015",
      number         = "21",
      pages          = "211801",
      doi            = "10.1103/PhysRevLett.115.211801",
      eprint         = "1507.02916",
      archivePrefix  = "arXiv",
      primaryClass   = "hep-ph",
      reportNumber   = "CERN-PH-TH-2015-160, FTUAM-15-19, IFT-UAM-CSIC-15-068,
                        ZU-TH-23-15",
      SLACcitation   = "%%CITATION = ARXIV:1507.02916;%%"
    }

% Comprehensive - OldComprehensiveAnalysis_1503.00290.pdf
% |kc| < 234 from recast hbb searches
% |kc| < 130 from total width
% |kc| < 6.2 from global analysis
@article{Perez:2015aoa,
      author         = "Perez, Gilad and Soreq, Yotam and Stamou, Emmanuel and
                        Tobioka, Kohsaku",
      title          = "{Constraining the charm Yukawa and Higgs-quark coupling
                        universality}",
      journal        = "Phys. Rev.",
      volume         = "D92",
      year           = "2015",
      number         = "3",
      pages          = "033016",
      doi            = "10.1103/PhysRevD.92.033016",
      eprint         = "1503.00290",
      archivePrefix  = "arXiv",
      primaryClass   = "hep-ph",
      reportNumber   = "KEK-TH-1813",
      SLACcitation   = "%%CITATION = ARXIV:1503.00290;%%"
    }

FIX UTF BELOW!!

% H > J/psi gamma - fix title!!
@article{Aad:2015sda,
      author         = "Aad, Georges and others",
      title          = "{Search for Higgs and Z Boson Decays to J/$\psi\gamma$ and
                        $\Upsilon(nS)\gamma$ with the ATLAS Detector}",
      collaboration  = "ATLAS",
      journal        = "Phys. Rev. Lett.",
      volume         = "114",
      year           = "2015",
      number         = "12",
      pages          = "121801",
      doi            = "10.1103/PhysRevLett.114.121801",
      eprint         = "1501.03276",
      archivePrefix  = "arXiv",
      primaryClass   = "hep-ex",
      reportNumber   = "CERN-PH-EP-2014-294",
      SLACcitation   = "%%CITATION = ARXIV:1501.03276;%%"
    }
% Reinterprets result above; fix authors!
@article{Koenig:2015pha,
      author         = "K{\"o}nig, Matthias and Neubert, Matthias",
      title          = "{Exclusive Radiative Higgs Decays as Probes of
                        Light-Quark Yukawa Couplings}",
      journal        = "JHEP",
      volume         = "08",
      year           = "2015",
      pages          = "012",
      doi            = "10.1007/JHEP08(2015)012",
      eprint         = "1505.03870",
      archivePrefix  = "arXiv",
      primaryClass   = "hep-ph",
      reportNumber   = "MITP-15-031",
      SLACcitation   = "%%CITATION = ARXIV:1505.03870;%%"
}

% ___________________________________________________________
% Generators for SM prediction explanation

% GEANT4
@article{Agostinelli:2002hh,
      author         = "Agostinelli, S. and others",
      title          = "{GEANT4: A Simulation toolkit}",
      collaboration  = "GEANT4",
      journal        = "Nucl. Instrum. Meth.",
      volume         = "A506",
      year           = "2003",
      pages          = "250-303",
      doi            = "10.1016/S0168-9002(03)01368-8",
      reportNumber   = "SLAC-PUB-9350, FERMILAB-PUB-03-339",
      SLACcitation   = "%%CITATION = NUIMA,A506,250;%%"
}

% MADGRAPH5_aMCatNLO
@article{Alwall:2014hca,
      author         = "Alwall, J. and Frederix, R. and Frixione, S. and Hirschi,
                        V. and Maltoni, F. and Mattelaer, O. and Shao, H. -S. and
                        Stelzer, T. and Torrielli, P. and Zaro, M.",
      title          = "{The automated computation of tree-level and
                        next-to-leading order differential cross sections, and
                        their matching to parton shower simulations}",
      journal        = "JHEP",
      volume         = "07",
      year           = "2014",
      pages          = "079",
      doi            = "10.1007/JHEP07(2014)079",
      eprint         = "1405.0301",
      archivePrefix  = "arXiv",
      primaryClass   = "hep-ph",
      reportNumber   = "CERN-PH-TH-2014-064, CP3-14-18, LPN14-066, MCNET-14-09,
                        ZU-TH-14-14",
      SLACcitation   = "%%CITATION = ARXIV:1405.0301;%%"
}

% Pythia
@article{Sjostrand:2014zea,
      author         = "Sj{\"o}strand, Torbj{\"o}rn and Ask, Stefan and Christiansen,
                        Jesper R. and Corke, Richard and Desai, Nishita and Ilten,
                        Philip and Mrenna, Stephen and Prestel, Stefan and
                        Rasmussen, Christine O. and Skands, Peter Z.",
      title          = "{An Introduction to PYTHIA 8.2}",
      journal        = "Comput. Phys. Commun.",
      volume         = "191",
      year           = "2015",
      pages          = "159-177",
      doi            = "10.1016/j.cpc.2015.01.024",
      eprint         = "1410.3012",
      archivePrefix  = "arXiv",
      primaryClass   = "hep-ph",
      reportNumber   = "LU-TP-14-36, MCNET-14-22, CERN-PH-TH-2014-190,
                        FERMILAB-PUB-14-316-CD, DESY-14-178, SLAC-PUB-16122",
      SLACcitation   = "%%CITATION = ARXIV:1410.3012;%%"
}

% CUETP8M1 tune
article{Skands:1695787,
      author        = "Skands, Peter and Carrazza, Stefano and Rojo, Juan",
      title         = "{Tuning PYTHIA 8.1: the Monash 2013 Tune}",
      journal       = "Eur. Phys. J. C",
      number        = "arXiv:1404.5630. CERN-PH-TH-2014-069. MCNET-14-08.
                       OUTP-14-05P. 8",
      volume        = "74",
      pages         = "3024. 57 p",
      month         = "Apr",
      year          = "2014",
      reportNumber  = "arXiv:1404.5630",
      url           = "https://cds.cern.ch/record/1695787",
      note          = "Comments: 57 pages",
}
article{CUETP8M1,
@article{Skands:1695787,
      author         = "Skands, Peter and Carrazza, Stefano and Rojo, Juan",
      title          = "{Tuning PYTHIA 8.1: the Monash 2013 Tune}",
      journal        = "Eur. Phys. J. C",
      volume         = "74",
      year           = "2014",
      pages          = "3024",
      doi            = "10.1140/epjc/s10052-014-3024-y",
      eprint         = "1404.5630",
      archivePrefix  = "arXiv",
      primaryClass   = "hep-ph",
      reportNumber   = "CERN-PH-TH-2014-069, MCNET-14-08, OUTP-14-05P",
      SLACcitation   = "%%CITATION = ARXIV:1404.5630;%%"
}

% POWHEG NNLOPS program 1 - MINLO
@article{Hamilton:2012np,
      author         = "Hamilton, Keith and Nason, Paolo and Zanderighi, Giulia",
      title          = "{MINLO: Multi-Scale Improved NLO}",
      journal        = "JHEP",
      volume         = "10",
      year           = "2012",
      pages          = "155",
      doi            = "10.1007/JHEP10(2012)155",
      eprint         = "1206.3572",
      archivePrefix  = "arXiv",
      primaryClass   = "hep-ph",
      reportNumber   = "CERN-PH-TH-2012-166, OUTP-12-11P, MCNET-12-07",
      SLACcitation   = "%%CITATION = ARXIV:1206.3572;%%"
}

% POWHEG NNLOPS program 1 - POWHEG
@article{Kardos:2014dua,
      author         = "Kardos, Adam and Nason, Paolo and Oleari, Carlo",
      title          = "{Three-jet production in POWHEG}",
      journal        = "JHEP",
      volume         = "04",
      year           = "2014",
      pages          = "043",
      doi            = "10.1007/JHEP04(2014)043",
      eprint         = "1402.4001",
      archivePrefix  = "arXiv",
      primaryClass   = "hep-ph",
      SLACcitation   = "%%CITATION = ARXIV:1402.4001;%%"
}

% NNLOPS
@article{Hamilton:2013fea,
      author         = "Hamilton, Keith and Nason, Paolo and Re, Emanuele and
                        Zanderighi, Giulia",
      title          = "{NNLOPS simulation of Higgs boson production}",
      journal        = "JHEP",
      volume         = "10",
      year           = "2013",
      pages          = "222",
      doi            = "10.1007/JHEP10(2013)222",
      eprint         = "1309.0017",
      archivePrefix  = "arXiv",
      primaryClass   = "hep-ph",
      reportNumber   = "MCNET-13-11, CERN-PH-TH-2013-205, OUTP-13-18P",
      SLACcitation   = "%%CITATION = ARXIV:1309.0017;%%"
}

% Also POWHEG 1
@article{Alioli:2008tz,
      author         = "Alioli, Simone and Nason, Paolo and Oleari, Carlo and Re,
                        Emanuele",
      title          = "{NLO Higgs boson production via gluon fusion matched with
                        shower in POWHEG}",
      journal        = "JHEP",
      volume         = "04",
      year           = "2009",
      pages          = "002",
      doi            = "10.1088/1126-6708/2009/04/002",
      eprint         = "0812.0578",
      archivePrefix  = "arXiv",
      primaryClass   = "hep-ph",
      SLACcitation   = "%%CITATION = ARXIV:0812.0578;%%"
}

% Also POWHEG 2
@article{Bagnaschi:2011tu,
      author         = "Bagnaschi, E. and Degrassi, G. and Slavich, P. and
                        Vicini, A.",
      title          = "{Higgs production via gluon fusion in the POWHEG approach
                        in the SM and in the MSSM}",
      journal        = "JHEP",
      volume         = "02",
      year           = "2012",
      pages          = "088",
      doi            = "10.1007/JHEP02(2012)088",
      eprint         = "1111.2854",
      archivePrefix  = "arXiv",
      primaryClass   = "hep-ph",
      reportNumber   = "RM3-TH-11-5, IFUM-990-FT",
      SLACcitation   = "%%CITATION = ARXIV:1111.2854;%%"
}